@misc{libgdxpottex,
    author = "badlogic, B and others",
    title = "Textures, textureregion and spritebatch",
    howpublished = {\url{https://github.com/libgdx/libgdx/wiki/Textures,-textureregion-and-spritebatch#spritebatch}},
    note = {Accessed: 2018-05-16},
    year = 2018,
}

@misc{libgdxprojstruct,
    author = "badlogic, B and others",
    title = "Project Setup Gradle",
    howpublished = {\url{https://github.com/libgdx/libgdx/wiki/Project-Setup-Gradle}},
    note = {Accessed: 2018-05-18},
    year = 2018,
}

@misc{androidAssetLocation,
    author = "Rafay, R and ug\_, U",
    title = "Android asset location",
    howpublished = {\url{https://stackoverflow.com/a/20728888}},
    note = {Accessed: 2018-05-18},
    year = 2013,
}

